<?xml version="1.0" encoding="UTF-8"?>
<OAI-PMH xmlns="http://www.openarchives.org/OAI/2.0/" xmlns:xsi="http://www.w3.org/2001/XMLSchema-instance" xsi:schemaLocation="http://www.openarchives.org/OAI/2.0/ http://www.openarchives.org/OAI/2.0/OAI-PMH.xsd">
<ListRecords>
<record>
<header status="updated">
<identifier>urm_publish:71285259590002121</identifier>
</header>
<metadata>
<record xmlns="http://www.loc.gov/MARC21/slim" xmlns:xsi="http://www.w3.org/2001/XMLSchema-instance" xsi:schemaLocation="http://www.loc.gov/MARC21/slim http://www.loc.gov/standards/marcxml/schema/MARC21slim.xsd" ><leader>01081fam a2200289   4500</leader><controlfield tag="005">19990604113142.0</controlfield><controlfield tag="008">730221m19641966nyua     b    00000 enge </controlfield><controlfield tag="001">999606028702121</controlfield><datafield tag="010" ind1=" " ind2=" "><subfield code="a">   64023854 </subfield></datafield><datafield tag="035" ind1=" " ind2=" "><subfield code="a">(OCoLC)00561975</subfield></datafield><datafield tag="035" ind1=" " ind2=" "><subfield code="9">ALB3990UW</subfield></datafield><datafield tag="035" ind1=" " ind2=" "><subfield code="a">(WU)1504675-uwmadisondb</subfield></datafield><datafield tag="040" ind1=" " ind2=" "><subfield code="a">DLC</subfield><subfield code="b">eng</subfield><subfield code="c">WSU</subfield><subfield code="d">OCL</subfield><subfield code="d">SER</subfield><subfield code="d">GZN</subfield></datafield><datafield tag="050" ind1="0" ind2=" "><subfield code="a">TA403</subfield><subfield code="b">.W86</subfield></datafield><datafield tag="082" ind1=" " ind2=" "><subfield code="a">620.11</subfield></datafield><datafield tag="100" ind1="1" ind2=" "><subfield code="a">Wulff, John,</subfield><subfield code="d">1903-</subfield><subfield code="2">LCNAMES</subfield><subfield code="0">41-LIBRARY_OF_CONGRESS-no 96004000</subfield><subfield code="9">Y</subfield></datafield><datafield tag="245" ind1="1" ind2="0"><subfield code="a">Structure and properties of materials.</subfield></datafield><datafield tag="260" ind1=" " ind2=" "><subfield code="a">New York :</subfield><subfield code="b">Wiley,</subfield><subfield code="c">[1964-66]</subfield></datafield><datafield tag="300" ind1=" " ind2=" "><subfield code="a">4 volumes :</subfield><subfield code="b">illustrations ;</subfield><subfield code="c">22 cm</subfield></datafield><datafield tag="336" ind1=" " ind2=" "><subfield code="a">text</subfield><subfield code="b">txt</subfield><subfield code="2">rdacontent</subfield></datafield><datafield tag="337" ind1=" " ind2=" "><subfield code="a">unmediated</subfield><subfield code="b">n</subfield><subfield code="2">rdamedia</subfield></datafield><datafield tag="338" ind1=" " ind2=" "><subfield code="a">volume</subfield><subfield code="b">nc</subfield><subfield code="2">rdacarrier</subfield></datafield><datafield tag="504" ind1=" " ind2=" "><subfield code="a">Includes bibliographies.</subfield></datafield><datafield tag="505" ind1="0" ind2=" "><subfield code="a">v. 1. Structure, by W.G. Moffatt, G.W. Pearsall, and J. Wulff.--v. 2. Thermodynamics of structure, by J.H. Brophy, R.M. Rose, and J. Wulff.--v. 3. Mechanical behavior, by H.W. Hayden, L.G. Moffatt, and J. Wulff.--v. 4. Electronic properties, by L.F. Pease, R.M. Rose and J. Wulff.</subfield></datafield><datafield tag="650" ind1=" " ind2="0"><subfield code="a">Materials.</subfield><subfield code="2">LCSH</subfield><subfield code="0">41-LIBRARY_OF_CONGRESS-sh 85082065</subfield><subfield code="9">Y</subfield></datafield><datafield tag="959" ind1=" " ind2=" "><subfield code="a">ON RESERVE</subfield></datafield><datafield tag="997" ind1=" " ind2=" "><subfield code="a">MARCIVE</subfield></datafield><datafield tag="650" ind1=" " ind2="0"><subfield code="a">Engineering</subfield><subfield code="x">Materials</subfield><subfield code="2">LCSH</subfield><subfield code="0">41-LIBRARY_OF_CONGRESS-sh 85082065</subfield><subfield code="9">N</subfield></datafield><datafield tag="650" ind1=" " ind2="0"><subfield code="a">Engineering materials</subfield><subfield code="2">LCSH</subfield><subfield code="0">41-LIBRARY_OF_CONGRESS-sh 85082065</subfield><subfield code="9">N</subfield></datafield><datafield tag="650" ind1=" " ind2="0"><subfield code="a">Industrial materials</subfield><subfield code="2">LCSH</subfield><subfield code="0">41-LIBRARY_OF_CONGRESS-sh 85082065</subfield><subfield code="9">N</subfield></datafield><datafield tag="650" ind1=" " ind2="0"><subfield code="w">g</subfield><subfield code="a">Engineering design</subfield><subfield code="2">LCSH</subfield><subfield code="0">41-LIBRARY_OF_CONGRESS-sh 85082065</subfield><subfield code="9">R</subfield></datafield><datafield tag="650" ind1=" " ind2="0"><subfield code="a">Manufacturing processes</subfield><subfield code="2">LCSH</subfield><subfield code="0">41-LIBRARY_OF_CONGRESS-sh 85082065</subfield><subfield code="9">R</subfield></datafield><datafield tag="INST" ind1=" " ind2=" "><subfield code="a">01UWI_NETWORK</subfield><subfield code="b">P</subfield><subfield code="c">71285259590002121</subfield></datafield><datafield tag="INST" ind1=" " ind2=" "><subfield code="a">01UWI_MAD</subfield><subfield code="b">P</subfield><subfield code="c">21547956230002122</subfield></datafield><datafield tag="INST" ind1=" " ind2=" "><subfield code="a">01UWI_ML</subfield><subfield code="b">P</subfield><subfield code="c">21181653970002124</subfield></datafield><datafield tag="INST" ind1=" " ind2=" "><subfield code="a">01UWI_RF</subfield><subfield code="b">P</subfield><subfield code="c">2151447230002129</subfield></datafield><datafield tag="INST" ind1=" " ind2=" "><subfield code="a">01UWI_PLT</subfield><subfield code="b">P</subfield><subfield code="c">2136699420002128</subfield></datafield><datafield tag="INST" ind1=" " ind2=" "><subfield code="a">01UWI_2YR</subfield><subfield code="b">P</subfield><subfield code="c">2131385040002135</subfield></datafield><datafield tag="AVA" ind1=" " ind2=" "><subfield code="0">9915046753602122</subfield><subfield code="8">22547956140002122</subfield><subfield code="a">01UWI_MAD</subfield><subfield code="b">WENDT</subfield><subfield code="c">Stacks, 1st Floor</subfield><subfield code="d">TA403 W86</subfield><subfield code="e">available</subfield><subfield code="f">4</subfield><subfield code="g">0</subfield><subfield code="j">stk</subfield><subfield code="k">0</subfield><subfield code="p">1</subfield><subfield code="q">Wendt Commons Library</subfield><subfield code="t">v.1-v.4</subfield></datafield><datafield tag="AVA" ind1=" " ind2=" "><subfield code="0">9915046753602122</subfield><subfield code="8">22547955980002122</subfield><subfield code="a">01UWI_MAD</subfield><subfield code="b">WENDT</subfield><subfield code="c">Stacks, 1st Floor</subfield><subfield code="d">TA403 W86</subfield><subfield code="e">available</subfield><subfield code="f">4</subfield><subfield code="g">0</subfield><subfield code="j">stk</subfield><subfield code="k">0</subfield><subfield code="p">2</subfield><subfield code="q">Wendt Commons Library</subfield><subfield code="t">v.1-v.4</subfield></datafield><datafield tag="AVA" ind1=" " ind2=" "><subfield code="0">9915046753602122</subfield><subfield code="8">22547956190002122</subfield><subfield code="a">01UWI_MAD</subfield><subfield code="b">WENDT</subfield><subfield code="c">Stacks, 1st Floor</subfield><subfield code="d">TA403 W86</subfield><subfield code="e">available</subfield><subfield code="f">4</subfield><subfield code="g">0</subfield><subfield code="j">stk</subfield><subfield code="k">0</subfield><subfield code="p">3</subfield><subfield code="q">Wendt Commons Library</subfield><subfield code="t">v.1-v.4</subfield></datafield><datafield tag="AVA" ind1=" " ind2=" "><subfield code="0">9915046753602122</subfield><subfield code="8">22547956090002122</subfield><subfield code="a">01UWI_MAD</subfield><subfield code="b">WENDT</subfield><subfield code="c">Stacks, 1st Floor</subfield><subfield code="d">TA403 W86</subfield><subfield code="e">available</subfield><subfield code="f">4</subfield><subfield code="g">0</subfield><subfield code="j">stk</subfield><subfield code="k">0</subfield><subfield code="p">4</subfield><subfield code="q">Wendt Commons Library</subfield><subfield code="t">v.1-v.4</subfield></datafield><datafield tag="AVA" ind1=" " ind2=" "><subfield code="0">992305383402124</subfield><subfield code="8">22181653960002124</subfield><subfield code="a">01UWI_ML</subfield><subfield code="b">MIL</subfield><subfield code="c">Stacks</subfield><subfield code="d">TA403 W86</subfield><subfield code="e">available</subfield><subfield code="f">3</subfield><subfield code="g">0</subfield><subfield code="j">stk</subfield><subfield code="k">0</subfield><subfield code="p">1</subfield><subfield code="q">UW Milwaukee</subfield></datafield><datafield tag="AVA" ind1=" " ind2=" "><subfield code="0">991727473602129</subfield><subfield code="8">2251447220002129</subfield><subfield code="a">01UWI_RF</subfield><subfield code="b">RF</subfield><subfield code="c">Main Collection</subfield><subfield code="d">TA403 .W86</subfield><subfield code="e">available</subfield><subfield code="f">4</subfield><subfield code="g">0</subfield><subfield code="j">stacks</subfield><subfield code="k">0</subfield><subfield code="p">1</subfield><subfield code="q">Chalmer Davee Library</subfield><subfield code="t">v.1-4</subfield></datafield><datafield tag="AVA" ind1=" " ind2=" "><subfield code="0">991113173702128</subfield><subfield code="8">2236699410002128</subfield><subfield code="a">01UWI_PLT</subfield><subfield code="b">PLATTKAR</subfield><subfield code="c">Stacks (3rd Floor)</subfield><subfield code="d">TA403 .W86 1967</subfield><subfield code="e">available</subfield><subfield code="f">4</subfield><subfield code="g">0</subfield><subfield code="j">gen</subfield><subfield code="k">0</subfield><subfield code="p">1</subfield><subfield code="q">Elton S. Karrmann Library</subfield><subfield code="t">v. 1-4</subfield></datafield><datafield tag="AVA" ind1=" " ind2=" "><subfield code="0">991474763402135</subfield><subfield code="8">2231385030002135</subfield><subfield code="a">01UWI_2YR</subfield><subfield code="b">COLSHB</subfield><subfield code="c">Sheboygan Main Collection</subfield><subfield code="d">TA403 .W86 1964</subfield><subfield code="e">available</subfield><subfield code="f">4</subfield><subfield code="g">0</subfield><subfield code="j">shbstacks</subfield><subfield code="k">0</subfield><subfield code="p">1</subfield><subfield code="q">UW Colleges Sheboygan Library</subfield><subfield code="t">v.1-4</subfield></datafield><datafield tag="MMS" ind1=" " ind2=" "><subfield code="b">999606028702121</subfield><subfield code="a">01UWI_NETWORK</subfield></datafield><datafield tag="MMS" ind1=" " ind2=" "><subfield code="b">9915046753602122</subfield><subfield code="a">01UWI_MAD</subfield></datafield><datafield tag="MMS" ind1=" " ind2=" "><subfield code="b">992305383402124</subfield><subfield code="a">01UWI_ML</subfield></datafield><datafield tag="MMS" ind1=" " ind2=" "><subfield code="b">991727473602129</subfield><subfield code="a">01UWI_RF</subfield></datafield><datafield tag="MMS" ind1=" " ind2=" "><subfield code="b">991113173702128</subfield><subfield code="a">01UWI_PLT</subfield></datafield><datafield tag="MMS" ind1=" " ind2=" "><subfield code="b">991474763402135</subfield><subfield code="a">01UWI_2YR</subfield></datafield><datafield tag="BBB" ind1="0" ind2="1"><subfield code="x">anal;cmh</subfield><subfield code="8">22547956140002122</subfield><subfield code="A">01UWI_MAD</subfield></datafield><datafield tag="BBB" ind1="0" ind2="1"><subfield code="x">anal;cmh</subfield><subfield code="8">22547955980002122</subfield><subfield code="A">01UWI_MAD</subfield></datafield><datafield tag="BBB" ind1="0" ind2="1"><subfield code="x">anal;cmh</subfield><subfield code="x">If taken off Reserves, update location code in each analytic holdings record for copy 1 - MFHD IDs: 4094361, 4094366,4094370, 4094375</subfield><subfield code="8">22547956190002122</subfield><subfield code="A">01UWI_MAD</subfield></datafield><datafield tag="BBB" ind1="0" ind2="1"><subfield code="x">anal;cmh</subfield><subfield code="8">22547956090002122</subfield><subfield code="A">01UWI_MAD</subfield></datafield><datafield tag="BBB" ind1="0" ind2="1"><subfield code="x">av.2 msg112989wd011892</subfield><subfield code="8">22181653960002124</subfield><subfield code="A">01UWI_ML</subfield></datafield></record>
</metadata>
</record>
</ListRecords>
</OAI-PMH>